@article{LYU201955,
    title = {A survey on image and video stitching},
    journal = {Virtual Reality \& Intelligent Hardware},
    pages = {55-83},
    year = {2019},
    issn = {2096-5796},
    doi = {https://doi.org/10.3724/SP.J.2096-5796.2018.0008},
    url = {https://www.sciencedirect.com/science/article/pii/S2096579619300063},
    author = {Wei LYU and Zhong Zhou and Lang Chen and Yi Zhou},
    keywords = {Image stitching, Video stitching, Panoramic stitching, Registration, Alignment, Mesh optimization, Deep learning, 3D stitching}
}

@inbook{anta2013nuevas,
    title={Nuevas tendencias en entrenamiento deportivo},
    author={Anta, R.C. and Tormo, J.M.C. and Mira, J.J.C. and Turpin, J.A.P.},
    isbn={9788499480688},
    url={https://books.google.es/books?id=UcbnCgAAQBAJ},
    year={2013},
    publisher={Editorial Club Universitario},
    pages= {13-22}
}

@inbook{rgbtrivision,
    author = {Chen, J. and Cranton, Wayne and Fihn, M.},
    year = {2016},
    pages = {171-177},
    title = {Handbook of Visual Display Technology},
    isbn = {978-3-319-14345-3},
    publisher={Springer Link},
    journal = {Handbook of Visual Display Technology},
    doi = {10.1007/978-3-319-14346-0}
}

@article{abitofallcolorspaces,
    author = {Ibraheem, Noor and Hasan, Mokhtar and Khan, Rafiqul Zaman and Mishra, Pramod},
    year = {2012},
    title = {Understanding Color Models: A Review},
    volume = {2},
    journal = {ARPN Journal of Science and Technology}
}

@article{pielespacioscolor,
    title = {Comparative Study of Skin Color Detection and Segmentation in HSV and YCbCr Color Space},
    journal = {Procedia Computer Science},
    volume = {57},
    pages = {41-48},
    year = {2015},
    note = {3rd International Conference on Recent Trends in Computing 2015 (ICRTC-2015)},
    issn = {1877-0509},
    doi = {https://doi.org/10.1016/j.procs.2015.07.362},
    url = {https://www.sciencedirect.com/science/article/pii/S1877050915018918},
    author = {Khamar Basha Shaik and P. Ganesan and V. Kalist and B.S. Sathish and J. Merlin Mary Jenitha},
}

@inproceedings{ycbcrskini,
    author = {Basilio, Jorge and Torres, Gualberto and Sanchez-Perez, Gabriel and Toscano, Karina and Perez-Meana, Hector},
    year = {2011},
    pages = {123-128},
    title = {Explicit image detection using YCbCr space color model as skin detection},
    publisher = {World Scientific and Engineering Academy and Society (WSEAS)},
    isbn = {9789604742707},
    booktitle = {Proceedings of the 2011 American Conference on Applied Mathematics and the 5th WSEAS International Conference on Computer Engineering and Applications}
}

@incollection{submuestreocroma,
    author = {Miroslav Uhrina and Juraj Bienik and Peter Kortis},
    title = {Influence of Chroma Subsampling on Objective Video Quality Assessment for High Resolutions},
    booktitle = {Proceedings of the 3rd Czech-China Scientific Conference 2017},
    publisher = {IntechOpen},
    address = {Rijeka},
    year = {2017},
    editor = {Jaromir Gottvald and Petr Praus},
    chapter = {5},
    doi = {10.5772/intechopen.71333},
    url = {https://doi.org/10.5772/intechopen.71333}
}

@inbook{moredigitalvideo,
    author = {Poynton, Charles},
    title = {Digital Video and HDTV Algorithms and Interfaces},
    year = {2003},
    isbn = {1558607927},
    publisher = {Morgan Kaufmann Publishers Inc.},
    address = {San Francisco, CA, USA},
    edition = {1},
    chapter={24}
}

@misc{gsocprojectentry,
    title={Improvement of the background subtraction algorithm},
    author={Vladislav Samsonov},
    howpublished={\url{https://summerofcode.withgoogle.com/archive/2017/projects/6453014550282240}},
    year={2017},
    journal={Google Summer of Code}
}

@inproceedings{originallbspgsoc,
    author={Guo, Lili and Xu, Dan and Qiang, Zhenping},
    booktitle={2016 IEEE Conference on Computer Vision and Pattern Recognition Workshops (CVPRW)}, 
    title={Background Subtraction Using Local SVD Binary Pattern}, 
    year={2016},
    pages={1159-1167},
    doi={10.1109/CVPRW.2016.148}
}

@misc{gsocbytheauthor,
    author={Vladislav Samsonov},
    title={Improved background subtraction algorithm - OpenCV},
    year=2017,
    publisher={Zenodo},
    doi={10.5281/zenodo.4269865},
    howpublished={\url{https://doi.org/10.5281/zenodo.4269865}},
}

@misc{gsocexplainer,
    author={Anastasia Murzova},
    title={Background Subtraction with OpenCV and BGS Libraries}, 
    howpublished={\url{https://learnopencv.com/background-subtraction-with-opencv-and-bgs-libraries/}},
    year={2021},
    publisher={Learn OpenCV}
}

@inbook{libroTID,
  title={Digital Image Processing, EBook, Global Edition},
  author={Gonzalez, R.C. and Woods, R.E.},
  isbn={9781292223070},
  url={https://books.google.es/books?id=P8AoEAAAQBAJ},
  year={2018},
  publisher={Pearson Education},
  chapter={6}
}

@article{origenmog,
    author = {Kaewtrakulpong, Pakorn and Bowden, Richard},
    year = {2002},
    month = {05},
    pages = {},
    title = {An Improved Adaptive Background Mixture Model for Realtime Tracking with Shadow Detection},
    isbn = {978-1-4613-5301-0},
    journal = {Proceedings of 2nd European Workshop on Advanced Video-Based Surveillance Systems; September 4, 2001; London, U.K},
    doi = {10.1007/978-1-4615-0913-4_11}
}

@article{infomog,
  author={Leandro Arab Marcomini and Andr{\'{e}} Luiz Cunha},
  title={A Comparison between Background Modelling Methods for Vehicle Segmentation in Highway Traffic Videos},
  journal={CoRR},
  volume={abs/1810.02835},
  year={2018},
  url={http://arxiv.org/abs/1810.02835},
  eprinttype={arXiv},
  eprint={1810.02835},
  timestamp={Wed, 06 Apr 2022 12:33:46 +0200},
  biburl={https://dblp.org/rec/journals/corr/abs-1810-02835.bib},
  bibsource={dblp computer science bibliography, https://dblp.org}
}

@inproceedings{mejoramog,  
    author={Zivkovic, Z.},  
    booktitle={Proceedings of the 17th International Conference on Pattern Recognition, 2004. ICPR 2004.},   
    title={Improved adaptive Gaussian mixture model for background subtraction},   
    year={2004},  
    volume={2},
    pages={28-31 Vol.2},
    doi={10.1109/ICPR.2004.1333992}
}

@article{origenknn,
    title = "Efficient adaptive density estimation per image pixel for the task of background subtraction",
    author = "Z. Zivkovic and {van der Heijden}, Ferdinand",
    year = "2006",
    doi = "10.1016/j.patrec.2005.11.005",
    volume = "27",
    pages = "773--780",
    journal = "Pattern recognition letters",
    issn = "0167-8655",
    publisher = "Elsevier"
}

@misc{knnopencv, 
    title={Understanding K-nearest neighbour}, 
    url={https://docs.opencv.org/4.x/d5/d26/tutorial_py_knn_understanding.html}, 
    journal={OpenCV}, 
    publisher={OpenCV}, 
    author={OpenCV Project}
} 

@article{hsvforswimmerdetection,
    author = {Salehi, Nasrin and Keyvanara, Maryam and Monadjemmi, Seyed},
    year = {2016},
    pages = {1-8},
    title = {An Automatic Video-based Drowning Detection System for Swimming Pools Using Active Contours},
    volume = {8},
    journal = {International Journal of Image, Graphics and Signal Processing},
    doi = {10.5815/ijigsp.2016.08.01}
}

@inproceedings{swimmerdetectorii,
    author="Jacquelin, Nicolas and Vuillemot, Romain and Duffner, Stefan",
    editor="Brefeld, Ulf and Davis, Jessea and Van Haaren, Jan and Zimmermann, Albrecht",
    title="Detecting Swimmers in Unconstrained Videos with Few Training Data",
    booktitle="Machine Learning and Data Mining for Sports Analytics",
    year="2022",
    publisher="Springer International Publishing",
    pages="145--154",
    isbn="978-3-031-02044-5"
}

@article{footbalhsv,
    author={Khan, Fazlullah and Yang, Guanghui and Wang, Lijun and Xu, Xiaofeng and Xia, Jixiang},
    year={2021},
    title={Footballer Action Tracking and Intervention Using Deep Learning Algorithm},
    journal={Journal of Healthcare Engineering},
    publisher={Hindawi},
    doi={10.1155/2021/5518806}
}

@inproceedings{skinvariousspaces,
  title={Human Skin Detection Using RGB, HSV and YCbCr Color Models},
  author={S. Kolkur and D. Kalbande and P. Shimpi and C. Bapat and J. Jatakia},
  year={2016/12},
  booktitle={Proceedings of the International Conference on Communication and Signal Processing 2016 (ICCASP 2016)},
  pages={324-332},
  issn={1951-6851},
  isbn={978-94-6252-305-0},
  url={https://doi.org/10.2991/iccasp-16.2017.51},
  doi={https://doi.org/10.2991/iccasp-16.2017.51},
  publisher={Atlantis Press}
}

@article{contornosalgor,
    title = {Topological structural analysis of digitized binary images by border following},
    journal = {Computer Vision, Graphics, and Image Processing},
    volume = {30},
    pages = {32-46},
    year = {1985},
    issn = {0734-189X},
    doi = {https://doi.org/10.1016/0734-189X(85)90016-7},
    url = {https://www.sciencedirect.com/science/article/pii/0734189X85900167},
    author = {Satoshi Suzuki and KeiichiA be},
}

@misc{gsocimplementation,
    author={Vladislav Samsonov},
    title={GSoC Background Substractor},
    howpublished={\url{https://github.com/opencv/opencv_contrib/blob/4.x/modules/bgsegm/src/bgfg_gsoc.cpp}},
    year={2020},
    publisher={OpenCV}
}

@book{featureextraction,
    author = {Nixon, Mark and Aguado, Alberto S.},
    title = {Feature Extraction and Image Processing for Computer Vision, Third Edition},
    year = {2012},
    isbn = {0123965497},
    publisher = {Academic Press, Inc.},
    address = {USA},
    edition = {3rd},
    pages={538-570}
}

@article{rolecience,
    title = {The role of science and technology in sport},
    journal = {Procedia Computer Science},
    volume = {129},
    pages = {489-495},
    year = {2018},
    note = {2017 International Conference On Identification, Information And Knowledge In The Internet Of Things},
    issn = {1877-0509},
    doi = {https://doi.org/10.1016/j.procs.2018.03.029},
    url = {https://www.sciencedirect.com/science/article/pii/S1877050918302485},
    author = {Anton Kos and Yu Wei and Sašo Tomažič and Anton Umek},
}

@inproceedings{sportvr,
    author = {Cannav\`{o}, Alberto and Prattic\`{o}, Filippo Gabriele and Ministeri, Giuseppe and Lamberti, Fabrizio},
    title = {A Movement Analysis System Based on Immersive Virtual Reality and Wearable Technology for Sport Training},
    year = {2018},
    isbn = {9781450364089},
    publisher = {Association for Computing Machinery},
    address = {New York, NY, USA},
    url = {https://doi.org/10.1145/3198910.3198917},
    doi = {10.1145/3198910.3198917},
    booktitle = {Proceedings of the 4th International Conference on Virtual Reality},
    pages = {26–31},
    numpages = {6},
    location = {Hong Kong, Hong Kong},
    series = {ICVR 2018}
}

@misc{raulvortice,
    year = {1994},
    month = {5},
    url = {http://hdl.handle.net/10481/13806},
    title = {Analysis of 50-, 100-, and 200-m Freestyle Swimmers at the 1992 Olympic Games},
    author = {Arellano Colomina, Raúl and Brown, Peter and Cappaert, Jane and Nelson, Richard C.},
}

@inbook{raulpropulsion,
    author = {Caynzos, Blanca and García, Francisco and Arellano, Raul},
    year = {2003},
    pages = {207-212},
    title = {Are the Forces Applied During Vertical Countermovement Jump Related to the Forces Applied During the Swimming Start?},
    isbn = {2862723037},
    booktitle={Biomechanics and medecine in swimming 9},
    publisher={PU Saint-Etienne}
}

@article{raulonda,
    author = {Gavilán, Arantxa and Arellano, Raul and Sanders, Ross},
    year = {2006},
    pages = {35-37},
    title = {Underwater undulatory swimming: Study of frequency, amplitude and phase characteristics of the 'body wave'},
    volume = {6},
    journal = {Portuguese Journal of Sport Science - Suppl. Biomechanics and Medicine in Swimming X}
}

@inproceedings{swimmerarti,  
    author={Chen, Wen-Hui and Cho, Po-Chuan and Fan, Ping-Lin and Yang, Yi-Wen},  booktitle={2011 International Conference on Uncertainty Reasoning and Knowledge Engineering},   
    title={A framework for vision-based swimmer tracking},   
    year={2011},  
    volume={1}, 
    pages={44-47},  
    doi={10.1109/URKE.2011.6007835}
}

@inproceedings{swimmerartii,  
    author={Pleština, Vladimir and Papić, Vladan and Turić, Hrvoje},  
    booktitle={2020 International Conference on Electrical, Communication, and Computer Engineering (ICECCE)},   
    title={Swimming Pool Segmentation in Pre-processing for Tracking Water Polo Players},   year={2020},  
    pages={1-4},  
    doi={10.1109/ICECCE49384.2020.9179299}
}
@article{swimmerartiv,
  author    = {Timothy Woinoski andAlon Harell andIvan V. Bajic},
  title     = {Towards Automated Swimming Analytics Using Deep Neural Networks},
  journal   = {CoRR},
  volume    = {abs/2001.04433},
  year      = {2020},
  url       = {https://arxiv.org/abs/2001.04433},
  eprinttype = {arXiv},
  eprint    = {2001.04433},
  timestamp = {Fri, 17 Jan 2020 14:07:30 +0100},
  biburl    = {https://dblp.org/rec/journals/corr/abs-2001-04433.bib},
  bibsource = {dblp computer science bibliography, https://dblp.org}
 }


@inproceedings{swimmerartiii,  
    author={Woinoski, Timothy and Bajić, Ivan V.},  booktitle={2021 IEEE International Conference on Multimedia \& Expo Workshops (ICMEW)},   
    title={Swimmer Stroke Rate Estimation from Overhead Race Video},   
    year={2021},
    pages={1-6},  
    doi={10.1109/ICMEW53276.2021.9456010}
}

@article{swimmerartv,
    title = {Optimized swimmer tracking system by a dynamic fusion of correlation and color histogram techniques},
    journal = {Optics Communications},
    volume = {356},
    pages = {256-268},
    year = {2015},
    issn = {0030-4018},
    doi = {https://doi.org/10.1016/j.optcom.2015.07.056},
    url = {https://www.sciencedirect.com/science/article/pii/S0030401815006549},
    author = {D. Benarab and T. Napoléon and A. Alfalou and A. Verney and P. Hellard},
}

@inproceedings{swimmerartvi,
    author = {Dan Zecha and Thomas Greif and Rainer Lienhart},
    title = {Swimmer detection and pose estimation for continuous stroke-rate determination},
    volume = {8304},
    booktitle = {Multimedia on Mobile Devices 2012; and Multimedia Content Access: Algorithms and Systems VI},
    editor = {Cees G. M. Snoek and Nicu Sebe and Lyndon Kennedy and Reiner Creutzburg and David Akopian},
    organization = {International Society for Optics and Photonics},
    publisher = {SPIE},
    pages = {282 -- 294},
    keywords = {Object detection, Pose estimation, Stroke rate estimation, Swimming channel},
    year = {2012},
    doi = {10.1117/12.908309},
    URL = {https://doi.org/10.1117/12.908309}
}

@article{yoonmethod,
    author = {Yoon, Ho-Sub and Bae, Young-lae and Yang, Young},
    year = {2002},
    pages = {443-454},
    title = {A Soccer Image Sequence Mosaicking and Analysis Method Using Line and Advertisement Board Detection},
    volume = {24},
    journal = {Etri Journal - ETRI J},
    doi = {10.4218/etrij.02.0102.0005}
}

@misc{darknetgithub,
    title={Darknet},
    author={Alexey Bochkovski},
    howpublished= {\url{https://github.com/AlexeyAB/darknet}},
    version={YOLOv4}, 
    year={2022}
}

@inproceedings{yolooriginalpaper,
  author={Redmon, Joseph and Divvala, Santosh and Girshick, Ross and Farhadi, Ali},
  booktitle={2016 IEEE Conference on Computer Vision and Pattern Recognition (CVPR)}, 
  title={You Only Look Once: Unified, Real-Time Object Detection}, 
  year={2016},
  pages={779-788},
  doi={10.1109/CVPR.2016.91}
 }
 
@inproceedings{comparisoncnnscoches,  
    author={Kim, Jeong-ah and Sung, Ju-Yeong and Park, Se-ho},  
    booktitle={2020 IEEE International Conference on Consumer Electronics - Asia (ICCE-Asia)},   
    title={Comparison of Faster-RCNN, YOLO, and SSD for Real-Time Vehicle Type Recognition},   
    year={2020}, 
    pages={1-4}, 
    doi={10.1109/ICCE-Asia49877.2020.9277040}
}

@article{rcnnvsyolodivers,
    author = {Fayaz, Sheezan and Parah, Shabir and Qureshi, G.},
    year = {2022},
    month = {06},
    title = {Underwater object detection: architectures and algorithms – a comprehensive review},
    volume = {81},
    journal = {Multimedia Tools and Applications},
    doi = {10.1007/s11042-022-12502-1}
}

@article{rnatheoryi,
    author={Keiron O'Shea and Ryan Nash},
    title={An Introduction to Convolutional Neural Networks},
    journal={CoRR},
    volume={abs/1511.08458},
    year={2015},
    url={http://arxiv.org/abs/1511.08458},
    eprinttype={arXiv},
    eprint={1511.08458},
    timestamp={Mon, 13 Aug 2018 16:46:52 +0200},
    biburl={https://dblp.org/rec/journals/corr/OSheaN15.bib},
    bibsource={dblp computer science bibliography, https://dblp.org}
}

@article{reviewcnn,
    author={Alzubaidi,Laith and Zhang, Jinglan and Humaidi, Amjad J. and Al-Dujaili, Ayad and Duan, Ye and  Al-Shamma, Omran and Santamaría, J. and Fadhel, Mohammed A. and Al-Amidie, Muthana and Farhan, Laith},
    year={2021},
    title={Review of deep learning: concepts, CNN architectures, challenges, applications, future directions},
    publisher={Journal of Big Data},
    journal={Journla of Big Data},
    url={https://doi.org/10.1186/s40537-021-00444-8},
    doi={10.1186/s40537-021-00444-@software{glenn_jocher_2022_6222936,
  author       = {Glenn Jocher and
                  Ayush Chaurasia and
                  Alex Stoken and
                  Jirka Borovec and
                  NanoCode012 and
                  Yonghye Kwon and
                  TaoXie and
                  Jiacong Fang and
                  imyhxy and
                  Kalen Michael and
                  Lorna and
                  Abhiram V and
                  Diego Montes and
                  Jebastin Nadar and
                  Laughing and
                  tkianai and
                  yxNONG and
                  Piotr Skalski and
                  Zhiqiang Wang and
                  Adam Hogan and
                  Cristi Fati and
                  Lorenzo Mammana and
                  AlexWang1900 and
                  Deep Patel and
                  Ding Yiwei and
                  Felix You and
                  Jan Hajek and
                  Laurentiu Diaconu and
                  Mai Thanh Minh},
  title        = {{ultralytics/yolov5: v6.1 - TensorRT, TensorFlow 
                   Edge TPU and OpenVINO Export and Inference}},
  month        = feb,
  year         = 2022,
  publisher    = {Zenodo},
  version      = {v6.1},
  doi          = {10.5281/zenodo.6222936},
  url          = {https://doi.org/10.5281/zenodo.6222936}
}8}
}

@article{yolov2originalpaper,
  author    = {Joseph Redmon and
               Ali Farhadi},
  title     = {{YOLO9000:} Better, Faster, Stronger},
  journal   = {CoRR},
  volume    = {abs/1612.08242},
  year      = {2016},
  url       = {http://arxiv.org/abs/1612.08242},
  eprinttype = {arXiv},
  eprint    = {1612.08242},
  timestamp = {Mon, 13 Aug 2018 16:48:25 +0200},
  biburl    = {https://dblp.org/rec/journals/corr/RedmonF16.bib},
  bibsource = {dblp computer science bibliography, https://dblp.org}
}

@article{yolov3originalpaper,
  author    = {Joseph Redmon and
               Ali Farhadi},
  title     = {YOLOv3: An Incremental Improvement},
  journal   = {CoRR},
  volume    = {abs/1804.02767},
  year      = {2018},
  url       = {http://arxiv.org/abs/1804.02767},
  eprinttype = {arXiv},
  eprint    = {1804.02767},
  timestamp = {Mon, 13 Aug 2018 16:48:24 +0200},
  biburl    = {https://dblp.org/rec/journals/corr/abs-1804-02767.bib},
  bibsource = {dblp computer science bibliography, https://dblp.org}
}

@article{yolov4originalpaper,
  author    = {Alexey Bochkovskiy and
               Chien{-}Yao Wang and
               Hong{-}Yuan Mark Liao},
  title     = {YOLOv4: Optimal Speed and Accuracy of Object Detection},
  journal   = {CoRR},
  volume    = {abs/2004.10934},
  year      = {2020},
  url       = {https://arxiv.org/abs/2004.10934},
  eprinttype = {arXiv},
  eprint    = {2004.10934},
  timestamp = {Tue, 28 Apr 2020 16:10:02 +0200},
  biburl    = {https://dblp.org/rec/journals/corr/abs-2004-10934.bib},
  bibsource = {dblp computer science bibliography, https://dblp.org}
}

@article{rcnnoriginalpaper,
  author    = {Ross B. Girshick and
               Jeff Donahue and
               Trevor Darrell and
               Jitendra Malik},
  title     = {Rich feature hierarchies for accurate object detection and semantic
               segmentation},
  journal   = {CoRR},
  volume    = {abs/1311.2524},
  year      = {2013},
  url       = {http://arxiv.org/abs/1311.2524},
  eprinttype = {arXiv},
  eprint    = {1311.2524},
  timestamp = {Mon, 13 Aug 2018 16:48:09 +0200},
  biburl    = {https://dblp.org/rec/journals/corr/GirshickDDM13.bib},
  bibsource = {dblp computer science bibliography, https://dblp.org}
}

@article{fastrcnnoriginalpaper,
  author    = {Ross B. Girshick},
  title     = {Fast {R-CNN}},
  journal   = {CoRR},
  volume    = {abs/1504.08083},
  year      = {2015},
  url       = {http://arxiv.org/abs/1504.08083},
  eprinttype = {arXiv},
  eprint    = {1504.08083},
  timestamp = {Mon, 13 Aug 2018 16:49:11 +0200},
  biburl    = {https://dblp.org/rec/journals/corr/Girshick15.bib},
  bibsource = {dblp computer science bibliography, https://dblp.org}
}

@book{rcnnlibroweb,
    title={Dive into Deep Learning},
    author={Aston Zhang and Zachary C. Lipton and Mu Li and Alexander J. Smola},
    note={\url{https://d2l.ai}},
    year={2020}
}

@article{comparativaseniales,
author = {Youssouf, Njayou},
year = {2022},
month = {01},
title = {Traffic Sign Detection and Recognition with Faster-RCNN and YOLOV4},
journal = {SSRN Electronic Journal},
doi = {10.2139/ssrn.4012734}
}

@article{tiemposentrenamiento,
    author = {Nguyen, Khang and Huynh, Nhut and Nguyen, Phat and Duy, Khanh and D. Vo, Nguyen and Nguyen, Tam},
    year = {2020},
    month = {03},
    pages = {583},
    title = {Detecting Objects from Space: An Evaluation of Deep-Learning Modern Approaches},
    volume = {9},
    journal = {Electronics},
    doi = {10.3390/electronics9040583}
}

@book{cnnindetail,
  author    = {Richard Szeliski},
  title     = {Computer Vision - Algorithms and Applications, Second Edition},
  series    = {Texts in Computer Science},
  publisher = {Springer},
  year      = {2022},
  pages     = {268-316}
}

@article{cocodataset,
  author    = {Tsung{-}Yi Lin and
               Michael Maire and
               Serge J. Belongie and
               Lubomir D. Bourdev and
               Ross B. Girshick and
               James Hays and
               Pietro Perona and
               Deva Ramanan and
               Piotr Doll{\'{a}}r and
               C. Lawrence Zitnick},
  title     = {Microsoft {COCO:} Common Objects in Context},
  journal   = {CoRR},
  volume    = {abs/1405.0312},
  year      = {2014},
  url       = {http://arxiv.org/abs/1405.0312},
  eprinttype = {arXiv},
  eprint    = {1405.0312},
  timestamp = {Mon, 13 Aug 2018 16:48:13 +0200},
  biburl    = {https://dblp.org/rec/journals/corr/LinMBHPRDZ14.bib},
  bibsource = {dblp computer science bibliography, https://dblp.org}
}

@incollection{Sharma_2022_YOLOv4,
  author = {Aditya Sharma},
  title = {Achieving Optimal Speed and Accuracy in Object Detection ({YOLOv4})},
  booktitle = {PyImageSearch},  
  editor = {Devjyoti Chakraborty and Puneet Chugh and Aritra Roy Gosthipaty and Jon Haase and Susan Huot and Kseniia Kidriavsteva and Ritwik Raha and Abhishek Thanki},
  year = {2022},
  note = {https://pyimg.co/c6kiu},
}

@inproceedings{swimmerautostrokeratio,
    author = {Bächlin, Marc and Forster, Kilian and Schumm, Johannes and Breu, Dominik and Germann, Jürg and Troster, Gerhard},
    year = {2008},
    month = {11},
    pages = {442 - 447},
    booktitle={2008 Third International Conference on Pervasive Computing and Applications}, 
    title = {An automatic parameter extraction method for the 7x50m Stroke Efficiency Test},
    volume = {1},
    journal = {2008 3rd International Conference on Pervasive Computing and Applications, ICPCA08},
    doi = {10.1109/ICPCA.2008.4783628},
    publisher={IEEE}
}

@misc{yolov5pseudopaper,
  author       = {Glenn Jocher and
                  Ayush Chaurasia and
                  Alex Stoken and
                  Jirka Borovec and
                  NanoCode012 and
                  Yonghye Kwon and
                  TaoXie and
                  Jiacong Fang and
                  imyhxy and
                  Kalen Michael and
                  Lorna and
                  Abhiram V and
                  Diego Montes and
                  Jebastin Nadar and
                  Laughing and
                  tkianai and
                  yxNONG and
                  Piotr Skalski and
                  Zhiqiang Wang and
                  Adam Hogan and
                  Cristi Fati and
                  Lorenzo Mammana and
                  AlexWang1900 and
                  Deep Patel and
                  Ding Yiwei and
                  Felix You and
                  Jan Hajek and
                  Laurentiu Diaconu and
                  Mai Thanh Minh},
  title        = {{ultralytics/yolov5: v6.1 - TensorRT, TensorFlow 
                   Edge TPU and OpenVINO Export and Inference}},
  month        = feb,
  year         = 2022,
  publisher    = {Zenodo},
  version      = {v6.1},
  doi          = {10.5281/zenodo.6222936},
  url          = {https://doi.org/10.5281/zenodo.6222936}
}

@article{filtrosavgol,
    author = {Savitzky, Abraham. and Golay, M. J. E.},
    title = {Smoothing and Differentiation of Data by Simplified Least Squares Procedures.},
    journal = {Analytical Chemistry},
    volume = {36},
    number = {8},
    pages = {1627-1639},
    year = {1964},
    doi = {10.1021/ac60214a047},
    URL = { 
            https://doi.org/10.1021/ac60214a047
        
    },
    eprint = { 
            https://doi.org/10.1021/ac60214a047
        
    }
}

@book{estadistica,
    author= {Gorgas García, Javier and Cardiel López, Nicolás and Zamorano Calvo, Jaime},
    title = {Estadística básica para estudiantes de ciencias},
    publisher = {Universidad Complutense de Madrid},
    year={2009},
    isbn={978-84-691-898}
}

@misc{aquaticlabs,
    author={Universidad de Granada},
    title={Aquatics Lab},
    howpublished= {\url{https://blogs.ugr.es/aquaticslab/}},
    year={2022}
}

@misc{myownrepo,
    author={José Alberto Gómez García},
    title={Segmentación de nadadores en piscinas con sistemas de captación de imágenes y vídeo.},
    year={2022},
    howpublished= {\url{https://github.com/modejota/swimit}},
}

@misc{entrevistaraul,
    author={Canal Sur Television},
    howpublished={\url{https://www.youtube.com/watch?v=HAj8MbNXCqo}},
    title={Aquatics Lab pone la ciencia al servicio de nadadores de alto nivel},
    year={2019}
}

@misc{repoopencvi,
    author={OpenCV},
    title={OpenCV},
    howpublished={\url{https://github.com/opencv/opencv}},
    year={2021},
    version={4.5.0}
}

@misc{repoopencvii,
    author={OpenCV},
    title={OpenCV Extra Modules},
    howpublished={\url{https://github.com/opencv/opencv_contrib}},
    year={2021},
}
    
    